<record><leader>00000cas a22000007a 4500</leader><controlfield tag="001">15731475</controlfield><controlfield tag="008">870526d19711972msuwr ne      0    0eng d</controlfield><datafield ind1=" " ind2=" " tag="010"><subfield code="a">sn 87065343 </subfield></datafield><datafield ind1=" " ind2=" " tag="040"><subfield code="a">MPC</subfield><subfield code="b">eng</subfield><subfield code="c">MPC</subfield><subfield code="d">MSJ</subfield><subfield code="d">OCLCQ</subfield></datafield><datafield ind1=" " ind2=" " tag="042"><subfield code="a">msc</subfield></datafield><datafield ind1="0" ind2="0" tag="245"><subfield code="a">Peoples' press of Yazoo County.</subfield></datafield><datafield ind1=" " ind2=" " tag="260"><subfield code="a">Yazoo City, Miss. :</subfield><subfield code="b">W. Paul Stewart,</subfield><subfield code="c">-1972.</subfield></datafield><datafield ind1=" " ind2=" " tag="310"><subfield code="a">Weekly</subfield></datafield><datafield ind1="1" ind2=" " tag="362"><subfield code="a">Began in 1971?</subfield></datafield><datafield ind1="0" ind2=" " tag="362"><subfield code="a">-v. 2, no. 13 (May 24, 1972).</subfield></datafield><datafield ind1=" " ind2=" " tag="588"><subfield code="a">Description based on: Vol. 1, no. 50 (Feb. 9, 1972).</subfield></datafield><datafield ind1=" " ind2=" " tag="752"><subfield code="a">United States</subfield><subfield code="b">Mississippi</subfield><subfield code="c">Yazoo</subfield><subfield code="d">Yazoo City.</subfield></datafield><datafield ind1="0" ind2="0" tag="785"><subfield code="t">Peoples' press (Yazoo City, Miss.)</subfield><subfield code="w">(OCoLC)15731500</subfield></datafield></record>